@article{Parke:1972,
  author={Parke, Frederick I.},
  title={Computer Generated Animation of Faces},
  journal={Proceedings of the ACM Annual Conference - Volume 1},
  series={ACM '72},
  year={1972},
  location={Boston, Massachusetts, USA},
  pages={451--457},
  numpages={7},
  publisher={ACM},
  address={New York, NY, USA}
}
@book{Parke:1974,
  title={A Parametric Model for Human Faces},
  author={Parke, F.I.},
  year={1974},
  pages={108},
  publisher={Univerisity Microfilms}
}
@article{MM:1998,
  author={M. J. Jones and T. Poggio},
  journal={Computer Vision, 1998. Sixth International Conference on},
  title={Multidimensional morphable models},
  year={1998},
  pages={683--688},
  month={Jan}
}
@article{BFM:1999,
  title={A morphable model for the synthesis of 3D faces},
  author={V. Blanz and T. Vetter},
  journal={Proceedings of the 26th annual conference on Computer graphics and interactive techniques},
  pages={187--194},
  year={1999}
}
@article{BFM:2002,
  author={V. Blanz and S. Romdhani and T. Vetter},
  journal={Automatic Face and Gesture Recognition, 2002. Proceedings. Fifth IEEE International Conference on},
  title={Face Identification across Different Poses and Illuminations
with a 3D Morphable Model},
  year={2002},
  pages={192--197}
}
@article{BFM:2003,
  author={V. Blanz and T. Vetter},
  journal={IEEE Transactions on Pattern Analysis and Machine Intelligence},
  title={Face recognition based on fitting a 3D morphable model},
  year={2003},
  volume={25},
  number={9},
  pages={1063--1074},
  month={Sept}
}
@book{Geometry:2003,
 author = {Hartley, Richard and Zisserman, Andrew},
 title = {Multiple View Geometry in Computer Vision},
 year = {2003},
 isbn = {0521540518},
 edition = {2},
 publisher = {Cambridge University Press},
 address = {New York, NY, USA},
}
@article{ICP:2007,
  author={Amberg, Brian and Romdhani, Sami and Vetter, Thomas},
  booktitle={CVPR},
  publisher={IEEE Computer Society},
  title={Optimal Step Nonrigid ICP Algorithms for Surface Registration.},
  journal={2007 IEEE Conference on Computer Vision and Pattern Recognition},
  year=2007
}
@article{PUT:2008,
  title={The PUT Face Database},
  author={Kasi≈Ñski, A. and Florek, A. and Schmidt, A.},
  journal={Image Processing \& Communications},
  volume={13},
  number={3--4},
  pages={59--64},
  year={2008}
}
@book{Orthogonalization:2008,
  title={Methods of Mathematical Physics},
  author={Courant, R. and Hilbert, D.},
  number={v. 1},
  year={2008},
  publisher={Wiley}
}
@INPROCEEDINGS{BFM:2009,
  author={P. Paysan and R. Knothe and B. Amberg and S. Romdhani and T. Vetter},
  booktitle={2009 Sixth IEEE International Conference on Advanced Video and Signal Based Surveillance},
  title={A 3D Face Model for Pose and Illumination Invariant Face Recognition},
  year={2009},
  pages={296-301},
  month={Sept},
}
@article{RealTimeAnimation:2013,
 author={Cao, Chen and Weng, Yanlin and Lin, Stephen and Zhou, Kun},
 title={3D Shape Regression for Real-time Facial Animation},
 journal={ACM Trans. Graph.},
 issue_date={July 2013},
 volume={32},
 number={4},
 month=jul,
 year={2013},
 issn={0730-0301},
 pages={41:1--41:10},
 articleno={41},
 numpages={10},
 publisher={ACM},
 address={New York, NY, USA},
}
@article{Kazemi:2014,
  author={Kazemi, Vahid and Sullivan, Josephine},
  title={One Millisecond Face Alignment with an Ensemble of Regression Trees},
  journal={Proceedings of the 2014 IEEE Conference on Computer Vision and Pattern Recognition},
  series={CVPR '14},
  year={2014},
  pages={1867--1874},
  numpages={8},
  publisher={IEEE Computer Society},
  address={Washington, DC, USA},
}
@article{FaceWarehouse:2016,
  author={Saito, Shunsuke and Li, Tianye and Li, Hao},
  title={Real-Time Facial Segmentation and Performance Capture from RGB Input},
  journal={Computer Vision -- ECCV 2016: 14th European Conference, Amsterdam, The Netherlands, October 11-14, 2016, Proceedings, Part VIII},
  year={2016},
  publisher={Springer International Publishing},
  address={Cham},
  pages={244--261},
}
@article{Face2Face:2016,
  author={Thies, J. and Zollh{\"o}fer, M. and Stamminger, M. and Theobalt, C. and Nie{\ss}ner, M.},
  title={Face2Face: Real-time Face Capture and Reenactment of RGB Videos},
  journal={Proc. Computer Vision and Pattern Recognition (CVPR), IEEE},
  pages={2387--2395},
  year={2016}
}
@article{PhotorealisticDNN:2016,
  author={Shunsuke Saito and Lingyu Wei and Liwen Hu and Koki Nagano and Hao Li},
  journal={CoRR},
  title={Photorealistic Facial Texture Inference Using Deep Neural Networks},
  volume={abs/1612.00523},
  year={2016},
}
@article{LSFM:2017,
  author={Booth, J and Roussos, A and Ponniah, A and Dunaway, D and Zafeiriou, S},
  journal={International Journal of Computer Vision},
  pages={1--22},
  title={Large Scale 3D Morphable Models},
  year={2017}
}
