@book{berger1980,
  title={Statistical Decision Theory: Foundations, Concepts, and Methods},
  author={J.O. Berger},
  series={Springer Series in Statistics},
  year={1980},
  publisher={Springer New York},
  pages={428}
}
@book{voytishek2010,
  title={Основы метода Монте-Карло: учебное пособие},
  author={А.В. Войтишек},
  year={2010},
  publisher={НГУ},
  pages={108}
}
@article{tyshchenko:2011,
  author={M. Тyshchenko},
  title={3D Reconstruction of Human Face Based on Single or Several Images},
  journal={Управляющие системы и машины},
  number={2},
  pages={79--85},
  year={2011},
  language={russian}
}
@article{blanz:vetter:1999,
  title={A morphable model for the synthesis of 3D faces},
  author={V. Blanz and T. Vetter},
  journal={Proceedings of the 26th annual conference on Computer graphics and interactive techniques},
  pages={187--194},
  year={1999}
}
@article{sgd:1998,
  author={M. J. Jones and T. Poggio},
  booktitle={Computer Vision, 1998. Sixth International Conference on},
  title={Multidimensional morphable models},
  year={1998},
  pages={683--688},
  month={Jan}
}
@article{bfm09,
  title={A 3D Face Model for Pose and Illumination Invariant Face Recognition},
  author={P. Paysan and R. Knothe and B. Amberg and S. Romdhani and T. Vetter},
  journal={Proceedings of the 6th IEEE International Conference on Advanced Video and Signal based Surveillance (AVSS)
       for Security, Safety and Monitoring in Smart Environments},
  organization={IEEE},
  year={2009},
  month={Sep},
  address={Genova, Italy},
}
@article{blanz:romdhani:vetter,
  author={V. Blanz and S. Romdhani and T. Vetter},
  journal={Automatic Face and Gesture Recognition, 2002. Proceedings. Fifth IEEE International Conference on},
  title={Face Identification across Different Poses and Illuminations
with a 3D Morphable Model},
  year={2002},
  pages={192--197}
}
@article{blanz:vetter:2003,
  author={V. Blanz and T. Vetter},
  journal={IEEE Transactions on Pattern Analysis and Machine Intelligence},
  title={Face recognition based on fitting a 3D morphable model},
  year={2003},
  volume={25},
  number={9},
  pages={1063--1074},
  month={Sept}
}
@book{Rossi:2006:HCP:1207782,
  author={Rossi, Francesca and Beek, Peter van and Walsh, Toby},
  title={Handbook of Constraint Programming (Foundations of Artificial Intelligence)},
  year={2006},
  isbn={0444527265},
  publisher={Elsevier Science Inc.},
  address={New York, NY, USA},
  pages={978}
}
@article{AmbergRV07,
  author={Amberg, Brian and Romdhani, Sami and Vetter, Thomas},
  booktitle={CVPR},
  publisher={IEEE Computer Society},
  title={Optimal Step Nonrigid ICP Algorithms for Surface Registration.},
  journal={2007 IEEE Conference on Computer Vision and Pattern Recognition},
  year=2007
}
@book{Aivazyan:1989,
  title={Прикладная статистика: Классификация и снижение размерности : Справочное издание},
  author={Айвазян, С.А.},
  isbn={9785279000548},
  year={1989},
  publisher={Финансы и статистика},
  address={М.},
  language={russian},
  numpages=606
}
@book{schlesinger:2002,
  title={Ten Lectures on Statistical and Structural Pattern Recognition},
  author={Schlesinger, M.I. and Hlav{\'a}c, V.},
  series={Computational Imaging and Vision},
  year={2002},
  publisher={Springer Netherlands},
  pages={522}
}
@article{Parke:1972,
  author={Parke, Frederick I.},
  title={Computer Generated Animation of Faces},
  journal={Proceedings of the ACM Annual Conference - Volume 1},
  series={ACM '72},
  year={1972},
  location={Boston, Massachusetts, USA},
  pages={451--457},
  numpages={7},
  publisher={ACM},
  address={New York, NY, USA}
}
@book{Parke:1974,
  title={A Parametric Model for Human Faces},
  author={Parke, F.I.},
  year={1974},
  pages={108},
  publisher={Univerisity Microfilms}
}
@book{Wolff:2011,
  title={OpenGL 4.0 Shading Language Cookbook},
  author={Wolff, D.},
  year={2011},
  publisher={Packt Publishing, Limited},
  pages={340}
}
@book{lamothe2003tricks,
  title={Tricks of the 3D Game Programming Gurus: Advanced 3D Graphics and Rasterization},
  author={LaMothe, A.},
  series={Other Sams},
  year={2003},
  publisher={Sams},
  pages={1759}
}
@book{wald1955selected,
  title={Selected Papers in Statistics and Probability},
  author={Wald, A. and Statistics, I.M.},
  number={10},
  year={1955},
  pages={702},
  publisher={McGraw-Hill}
}
@book{dorogovtsev:1989,
  title={Элементы общей теории меры и интеграла},
  author={Дороговцев, А. Я.},
  year={1989},
  pages={152},
  publisher={Выща школа},
  address={К.},
  language={russian}
}
@book{BorovkovMS,
  author={А. А. Боровков},
  title={Математическая статистика},
  address={Санкт-Петербург},
  publisher={Лань},
  year=2010,
  pages=705,
  language={russian},
  edition={4},
  series={Учебники для ВУЗов. Специальная литература}
}
@article{Saito2016,
  author={Saito, Shunsuke and Li, Tianye and Li, Hao},
  title={Real-Time Facial Segmentation and Performance Capture from RGB Input},
  journal={Computer Vision -- ECCV 2016: 14th European Conference, Amsterdam, The Netherlands, October 11-14, 2016, Proceedings, Part VIII},
  year={2016},
  publisher={Springer International Publishing},
  address={Cham},
  pages={244--261},
}
@article{thies2016face,
  author={Thies, J. and Zollh{\"o}fer, M. and Stamminger, M. and Theobalt, C. and Nie{\ss}ner, M.},
  title={Face2Face: Real-time Face Capture and Reenactment of RGB Videos},
  journal={Proc. Computer Vision and Pattern Recognition (CVPR), IEEE},
  pages={2387--2395},
  year={2016}
}
@article{Kazemi:2014,
  author={Kazemi, Vahid and Sullivan, Josephine},
  title={One Millisecond Face Alignment with an Ensemble of Regression Trees},
  journal={Proceedings of the 2014 IEEE Conference on Computer Vision and Pattern Recognition},
  series={CVPR '14},
  year={2014},
  pages={1867--1874},
  numpages={8},
  publisher={IEEE Computer Society},
  address={Washington, DC, USA},
}
@article{schlezinger:2013,
  author={Schlesinger, M. I. and Volodazkiy, E. V.},
  title={Nearly Optimal Statistical Recognition and Learning},
  journal={Proceedings of 4th International conference on Inductive Modelling},
  year={2013},
  publisher={IRTC ITS in Kyiv},
  address={Kyiv}
}
@article{put-face:2008,
  title={The PUT Face Database},
  author={Kasiński, A. and Florek, A. and Schmidt, A.},
  journal={Image Processing \& Communications},
  volume={13},
  number={3--4},
  pages={59--64},
  year={2008}
}
@article{Rabin:1963,
  title={Probabilistic automata},
  journal={Information and Control},
  volume={6},
  number={3},
  pages={230--245},
  year={1963},
  author={Michael O. Rabin}
}
@book{Anderson:1963,
  title={Введение в многомерный статистический анализ},
  author={Андерсон, Т. В. and Гнеденко, Б.В.},
  year={1963},
  pages={500},
  publisher={Гос. изд-во физико-математической лит-ры}
}
@article{Booth:2017,
  author={Booth, J and Roussos, A and Ponniah, A and Dunaway, D and Zafeiriou, S},
  journal={International Journal of Computer Vision},
  pages={1--22},
  title={Large Scale 3D Morphable Models},
  year={2017}
}
@Inbook{Lovasz1983,
  author="Lov{\'a}sz, L.",
  editor="Bachem, Achim and Korte, Bernhard and Gr{\"o}tschel, Martin",
  title="Submodular functions and convexity",
  bookTitle="Mathematical Programming The State of the Art: Bonn 1982",
  year="1983",
  publisher="Springer Berlin Heidelberg",
  address="Berlin, Heidelberg",
  pages="235--257",
  isbn="978-3-642-68874-4",
  doi="10.1007/978-3-642-68874-4_10",
  url="http://dx.doi.org/10.1007/978-3-642-68874-4_10"
}
@book{Duda:Hart:1973,
  title={Pattern Classification and Scene Analysis},
  author={Duda, R.O. and Hart, P.E.},
  year={1973},
  publisher={Wiley},
  pages={512}
}
@Inbook{Powell1994,
  author="Powell, M. J. D.",
  editor="Gomez, Susana and Hennart, Jean-Pierre",
  title="A Direct Search Optimization Method That Models the Objective and Constraint Functions by Linear Interpolation",
  bookTitle="Advances in Optimization and Numerical Analysis",
  year="1994",
  publisher="Springer Netherlands",
  address="Dordrecht",
  pages="51--67"
}
@book{Haykin:1998,
  author={Haykin, Simon},
  title={Neural Networks: A Comprehensive Foundation},
  year={1998},
  isbn={0132733501},
  edition={2nd},
  publisher={Prentice Hall PTR},
  address={Upper Saddle River, NJ, USA},
  pages={842}
}
@article{Moon:2017,
  author={Moon, H. and Phillips, P. J.},
  journal={Perception},
  pages={303-321},
  volume={30},
  title={Computational and performance aspects of pca-based face-recognition algorithms},
  year={2001}
}
