@BOOK{Bulygin,
    author = "В. Г. Булыгин",
    title = "Основы автоматизации процесса обучения",
    address = "Йошкар-Ола",
    year = 2003,
    numpages = 190,
    language = "russian"
}
@MISC{Coursera,
    author = {\mbox{Stanford University}},
    title = {Coursera},
    howpublished = "\url{https://www.coursera.org}",
    year = 2014
}
@MISC{Machinelearning,
    title = "MachineLearning.Ru",
    howpublished = "\url{http://www.machinelearning.ru}",
    year = 2014
}

@MISC{ErlangES,
    author = "Yasir M. Arsanukaev",
    title = "Искусственная разумность в Erlang: транспортная область",
    howpublished = "\url{http://kingping.blinkenshell.org/Expert_system_in_Erlang__the_Domain_of_Transport.html}",
    year = 2014
}

@MISC{ERESYE,
    author = "\mbox{Typed Lambda}",
    title = "ERESYE",
    howpublished = "\url{https://github.com/TypedLambda/eresye}",
    year = 2014
}

@MISC{Drools,
    author = "\mbox{JBoss Community}",
    title = "Drools",
    howpublished = "\url{http://drools.jboss.org}",
    year = 2014
}

@MISC{D3web,
    title = "d3web",
    howpublished = "\url{http://d3web.de}",
    year = 2014
}

@MISC{jColibri,
    author = "GAIA",
    title = "jColibri",
    howpublished = "\url{http://gaia.fdi.ucm.es/research/colibri/jcolibri}",
    year = 2014
}

@Article{Sturges:1926:CCI,
    author =       "Herbert A. Sturges",
    title =        "The Choice of a Class Interval",
    journal =      "j-J-AM-STAT-ASSOC",
    volume =       "21",
    number =       "153",
    pages =        "65--66",
    month =        "March",
    year =         "1926",
    CODEN =        "JSTNAL",
    ISSN =         "0162-1459 (print), 1537-274X (electronic)",
    ISSN-L =       "0162-1459",
    acknowledgement = ack-nhfb,
    fjournal =     "Journal of the American Statistical Association",
}

@Article{Pearson:1900,
    author =       "Pearson, Karl",
    title =        "On the criterion that a given system of deviations from the probable in the case of a correlated system of variables is such that it can be reasonably supposed to have arisen from random sampling",
    journal =      "Philosophical Magazine Series 5",
    volume =       "50",
    number =       "302",
    pages =        "157--175",
    year =         "1900",
}
@book{Hudson:1963,
      author        = "Hudson, Derek J",
      title         = "{Lectures on elementary statistics and probability}",
      publisher     = "CERN",
      address       = "Geneva",
      year          = "1963",
}

@book{Weatherburn:1963,
  title={A First Course Mathematical Statistics},
  author={Weatherburn, C.E.},
  year={1963},
  publisher={Cambridge University Press}
}

@book{Cramer:1999,
  title={Mathematical Methods of Statistics},
  author={Cram{\'e}r, H.},
  series={Princeton Mathematical Series},
  year={1999},
  publisher={Princeton University Press}
}

@book{Mukhopadhyay:2000,
  title={Probability and Statistical Inference},
  author={Mukhopadhyay, N.},
  series={Statistics:  A Series of Textbooks and Monographs},
  year={2000},
  publisher={Taylor \& Francis}
}

@book{Severini:2005,
  title={Elements of Distribution Theory},
  author={Severini, T.A.},
  isbn={9781139446112},
  series={Cambridge Series in Statistical and Probabilistic Mathematics},
  year={2005},
  publisher={Cambridge University Press}
}

@book{Kendall:1966,
  title={Теория распределений},
  author={Kendall, M.G. and Stuart, A.F.},
  year={1966},
  publisher={Наука}
}

@book{Lagrange:1868,
  title={{\OE}uvres de Lagrange: M{\'e}moires extraits des recueils de l'Acad{\'e}mie de Turin. (Suite.) M{\'e}moires extraits des recueils de l'Academie royale des sciences et belles-lettres de Berlin},
  author={Lagrange, J.L. and Serret, J.A. and Darboux, G. and France. Minist{\`e}re de l'{\'e}ducation nationale and Delambre, J.B.J. and Lalanne, L.},
  series={{\OE}uvres de Lagrange},
  year={1868},
  publisher={Gauthier-Villars}
}

@book{Hald:2010,
  title={A History of Parametric Statistical Inference from Bernoulli to Fisher, 1713-1935},
  author={Hald, A.},
  series={Sources and Studies in the History of Mathematics and Physical Sciences},
  year={2010},
  publisher={Springer New York}
}

@book{Pavlov:1973,
  title={Двадцатилетний опыт объективного изучения высшей деятельности (поведения) животных},
  author={Павлов, И.П.},
  year={1973},
  publisher={Рипол Классик},
  address={М.},
  language={russian},
  numpages=659
}

@book{Ilin:2001,
  title={Дифференциальная психофизиология},
  author={Ильин, Е.П.},
  series={Серия Учебник нового века},
  year={2001},
  publisher={Питер},
  address={СПб.},
  language={russian},
  numpages=464
}

@book{Aivazyan:1989,
  title={Прикладная статистика: Классификация и снижение размерности : Справочное издание},
  author={Айвазян, С.А.},
  isbn={9785279000548},
  year={1989},
  publisher={Финансы и статистика},
  address={М.},
  language={russian},
  numpages=606
}

@book{Sheypak:2007,
  title={Основы механики жидкости и газа},
  author={Шейпак, А.А.},
  isbn={9785276012865},
  year={2007},
  publisher={МГИУ}
}

@book{Bulinsky:2003,
  title={Теория случайных процессов},
  author={Булинский, А.В. and Ширяев, А.Н.},
  isbn={9785922103350},
  series={Теория вероятностей. Математическая статистика : ТВМС},
  year={2003},
  publisher={Физматлит},
  address={М.},
  language={russian},
  numpages=399
}

@book{Kingman:1992,
  title={Poisson Processes},
  author={Kingman, J.F.C.},
  isbn={9780191591242},
  series={Oxford studies in probability},
  year={1992},
  publisher={Clarendon Press},
  address={Oxford},
  language={english},
  numpages=112
}

@BOOK{BorovkovMS:2010,
    author = "А. А. Боровков",
    title = "Математическая статистика",
    address = "СПб.",
    publisher = "Лань",
    year = 2010,
    numpages = 705,
    language = "russian",
    series = "Учебники для ВУЗов. Специальная литература"
}

@BOOK{Lomov:1982,
    author = "Б. Ф. Ломов",
    title = "Справочник по инженерной психологии",
    address = "Москва",
    publisher = "Машиностроение",
    year = 1982,
    numpages = 368,
    language = "russian"
}

@BOOK{NPAOP,
    title = "НПАОП 0.00-1.28-10 Правила охорони праці під час експлуатації електронно-обчислювальних машин"
}

@BOOK{DSanPiN,
    title = "ДСанПіН 3.3.2-007-98  Державнi санiтарнi правила i норми роботи з вiзуальними дисплейними термiналами ЕОМ"
}

@BOOK{ONTP,
    title = "ОНТП 24-86 Определение кате­горий помещений и зданий по взрывопожарной и пожарной опасности"
}

@BOOK{PPBU,
    title = "ППБУ-95 Правила пожежної безпеки України"
}

@BOOK{DBN,
    title = "ДБН-В.2.5-28-2006 Природне i штучне освiтлення"
}

@BOOK{DSN,
    title = "ДСН 3.3.6.042-99 Державнi санiтарнi норми параметрiв мiкроклiмату у виробничих примiщеннях"
}
